@article{金庸2010倚天屠龙记后记,
  title={倚天屠龙记后记},
  author={金庸},
  journal={武侠故事},
  number={8},
  pages={150--155},
  year={2010}
}
